@Book{Python,
author = {Swaroop C H},
title = {A byte of Python},
year = 2003
}

@Misc{python-language-internals,
OPTkey = {•},
OPTauthor = {•},
OPTtitle = {•},
OPThowpublished = "\url{http://www.shinetech.com/attachments/108_.pdf}",
OPTmonth = {•},
OPTyear = {•},
OPTnote = {•},
OPTannote = {•}
}

%http://pballew.net/josephus.html

%http://en.wikipedia.org/wiki/Longest_common_subsequence_problem

%http://en.wikipedia.org/wiki/Pollard's_rho_algorithm

%http://www.velocityreviews.com/forums/t356167-obtaining-the-python-control-flow-graph.html

%http://www.python.org/dev/peps/pep-0339/

%http://groups.engin.umd.umich.edu/CIS/course.des/cis400/python/python.html

%http://tech.blog.aknin.name/2010/04/02/pythons-innards-introduction/

%http://tech.blog.aknin.name/category/my-projects/pythons-innards/

%http://stackoverflow.com/questions/8840651

%http://stackoverflow.com/questions/9085450

%http://docs.python.org/c-api/init.html

%http://en.wikipedia.org/wiki/Control_flow_graph

%http://docs.python.org/library/symtable.html

%http://eli.thegreenplace.net/2010/09/18/python-internals-symbol-tables-part-1/

%http://eli.thegreenplace.net/2010/09/20/python-internals-symbol-tables-part-2/

%http://eli.thegreenplace.net/2009/11/28/python-internals-working-with-python-asts/

%http://docs.python.org/devguide/compiler.html

%http://css.dzone.com/articles/static-modification-python
