

@Misc{LINQSampleCode101,
  Title          = {101 {LINQ} Samples: http://code.msdn.microsoft.com/101-LINQ-Samples-3fb9811b},
  month          = mar,
  year 		 = 2012
}

@Misc{LINQ,
  Title          = {{LINQ}: http://msdn.microsoft.com/en-us/library/bb397926.aspx},
  month          = mar,
  year 		 = 2012

}

@Misc{GPGPU,
  Title          = {{GPGPU}: http://gpgpu.org/},
  month          = mar,
  year 		 = 2012
}

@Misc{Haskell,
  Title          = {{Haskell}: http://www.haskell.org/haskellwiki/Haskell},
  month          = mar,
  year 		 = 2012
}

@Misc{OpenCL,
  Title          = {{OpenCL}: http://www.khronos.org/opencl/},
  month          = mar,
  year 		 = 2012
}

@Misc{DryadLINQ,
  Title          = {{DryadLINQ}: http://research.microsoft.com/en-us/projects/dryadlinq/},
  month          = mar,
  year 		 = 2012
}

@TechReport{HPF:fortran,
  Author         = {High Performance Fortran Forum},
  Title     = {High performance fortran language specification
                   version 2.0},
  Institution    = {Rice University},
  year           = 1997
}

@Book{NVIDIA:CUDA,
  Author         = {NVIDIA},
  key 		 = {NVIDIA-PG},
  Title          = {N{VIDIA} {CUDA} {C}ompute {U}nified {D}evice
                   {A}rchitecture, {C} {P}rogramming {G}uide, {V}ersion 4.1},
  year           = 2011
}

@Article{MapReduce,
  Author         = {{Jeffrey Dean and Sanjay Ghemawat}},
  Title          = {Map{R}educe: {S}implified data processing on large
                   clusters},
  Journal        = {Sixth Synmposium on Operatiing System Design and
                   Implementaion (OSDI'04), San Francisco},
  month          = dec,
  year           = 2004
}

@Article{BHalgo,
  Author         = {{J}. Barnes and {P}. Hut},
  Title          = {A hierarchical {O}({N} log {N}) force-calculation
                   algorithm},
  Journal        = {Nature},
  month          = dec,
  year           = 1986
}

